@misc{html5diff,
        author={W3C,WHATWG},
        year={2011},
        title={{HTML5} differences from {HTML4}: {I}ntroduction},
        volume={2014},
        number={15.02.2014},
        note={Saatavissa \url{http://www.w3.org/TR/2011/WD-html5-diff-20110405/#introduction}. Viitattu 15.02.2014.},
}

@misc{webgl_specification,
        author={Khronos Group},
        title={Web{GL} {S}pecification},
        year={2013},
        note={Saatavissa \url{http://www.khronos.org/registry/webgl/specs/latest/1.0/}. Viitattu 15.02.2014.},
}

@misc{webgl_supported,
        author={Khronos Group},
        title={Blacklists{A}nd{W}hitelists},
        year={2014},
        note={Saatavissa \url{http://www.khronos.org/webgl/wiki/BlacklistsAndWhitelists}. Viitattu 15.02.2014.},
}

@inproceedings{claypool_fps,
        author={Claypool,Mark and Claypool,Kajal and Damaa,Feissal},
        editor={ },
        year={2006},
        title={The effects of frame rate and resolution on users playing First Person Shooter games},
        booktitle={Electronic Imaging 2006},
        publisher={International Society for Optics and Photonics},
        pages={607101-607101-11},
        note={Saatavissa \url{http://web.cs.wpi.edu/~claypool/papers/fr-rez/paper.pdf}. Viitattu 15.02.2014. DOI: 10.1117/12.648609}
}

@inproceedings{dibenedettoSpider,
        author={Di Benedetto,Marco and Ponchio,Federico and Ganovelli,Fabio and Scopigno,Roberto},
        editor={ },
        year={2010},
        title={SpiderGL: a JavaScript 3D graphics library for next-generation WWW},
        booktitle={Proceedings of the 15th International Conference on Web 3D Technology},
        publisher={ACM},
        pages={165-174},
        note={Saatavissa ACM Digital Library, DOI: 10.1145/1836049.1836075. Viitattu 18.02.2014.}
}


@article{hoetzlein,
        author={Hoetzlein,R. C.},
        year={2012},
        title={Graphics Performance in Rich Internet Applications},
        journal={Computer Graphics and Applications, IEEE},
        volume={32},
        number={5},
        pages={98-104},
        note={Saatavissa IEEE Explore, DOI: 10.1109/MCG.2012.102. Viitattu 21.02.2014.}
}


@misc{khronosblackwhite,
        author={Khronos Group},
        title={BlacklistsAndWhitelists},
        note={Saatavissa \url{http://www.khronos.org/webgl/wiki/BlacklistsAndWhitelists}. Viitattu 15.02.2014.}
}


@inproceedings{lavoue,
        author={Lavoue,Guillaume and Chevalier,Laurent and Dupont,Florent},
        editor={ },
        year={2013},
        title={Streaming compressed 3{D} data on the web using {J}ava{S}cript and {W}eb{GL}},
        booktitle={Proceedings of the 18th International Conference on 3D Web Technology},
        publisher={ACM},
        pages={19-27},
        note={Saatavissa \url{http://liris.cnrs.fr/~glavoue/travaux/conference/WEB3D2013.pdf}. Viitattu 18.02.2014.}
}


@misc{mozillaBlacklist,
        author={Mozilla.org},
        title={Blocklisting/Blocked Graphics Drivers},
        note={Saatavissa \url{https://wiki.mozilla.org/Blocklisting/Blocked_Graphics_Drivers}. Viitattu 18.02.2014.}
}

@misc{googlesupport,
        author={Google Support},
        title={WebGL and 3D graphics},
        note={Saatavissa \url{https://support.google.com/chrome/answer/1220892?hl=en}. Viitattu 18.02.2014.},
}

@misc{smedberg,
        author={Smedberg,Fredrik},
        year={2010},
        month={17.05.2010},
        title={Performance analysis of javascript},
        journal={Final Thesis, Link√∂pings Universitet},
        note={Saatavissa \url{http://www.diva-portal.org/smash/get/diva2:321661/FULLTEXT01.pdf}. Viitattu 21.02.2014.},
}

@misc{htmlapis,
        author={W3C,WHATWG},
        year={2012},
        month={17.12.2012},
        title={{HTML5 A vocabulary and associated APIs for HTML and XHTML}},
        volume={15.02.2014},
        note={Saatavissa \url{http://www.w3.org/TR/2012/CR-html5-20121217/}. Viitattu 21.02.2014.},
}

@misc{htmlwebworkers,
        author={WHATWG},
        month={21.02.2014},
        title={{HTML: 10 - Web workers}},
        note={Saatavissa \url{http://www.whatwg.org/specs/web-apps/current-work/multipage/workers.html}. Viitattu 21.02.2014.},
}

@misc{khronosopenwebgldiff,
        author={Khronos Group},
        title={WebGL and OpenGL Differences},
        note={Saatavissa \url{http://www.khronos.org/webgl/wiki_1_15/index.php/WebGL_and_OpenGL_Differences}. Viitattu 21.02.2014.},
}
